<record xmlns="http://www.openarchives.org/OAI/2.0/" xmlns:xsi="http://www.w3.org/2001/XMLSchema-instance"><header><identifier>oai:alma.34CSIC_INST:990012276770204201</identifier><datestamp>2020-02-06T08:41:03Z</datestamp><setSpec>manuscripta</setSpec></header><metadata><record xmlns="http://www.loc.gov/MARC21/slim" xmlns:xsi="http://www.w3.org/2001/XMLSchema-instance" xsi:schemaLocation="http://www.loc.gov/MARC21/slim http://www.loc.gov/standards/marcxml/schema/MARC21slim.xsd"><leader>14192ntm a2200733 i 4500</leader><controlfield tag="005">20181031100348.0</controlfield><controlfield tag="008">100406q1500    sp            000 0 ara d</controlfield><controlfield tag="001">990012276770204201</controlfield><datafield tag="035" ind1=" " ind2=" "><subfield code="a">CSIC001227677</subfield></datafield><datafield tag="035" ind1=" " ind2=" "><subfield code="a">(ES-MaCSI)001227677MAD01-Aleph</subfield></datafield><datafield tag="035" ind1=" " ind2=" "><subfield code="a">(OCoLC)1123893518
</subfield></datafield><datafield tag="040" ind1=" " ind2=" "><subfield code="a">ES-MaCSI</subfield><subfield code="b">spa</subfield></datafield><datafield tag="080" ind1=" " ind2=" "><subfield code="a">091(=411.21)</subfield></datafield><datafield tag="080" ind1=" " ind2=" "><subfield code="a">28</subfield></datafield><datafield tag="245" ind1="1" ind2="0"><subfield code="a">[Legajo de miscelánea]</subfield><subfield code="h">[Manuscrito]</subfield></datafield><datafield tag="260" ind1=" " ind2=" "><subfield code="a">[S.l.],</subfield><subfield code="c">[s.a., S. XVI.].</subfield></datafield><datafield tag="300" ind1=" " ind2=" "><subfield code="a">ff. ;</subfield><subfield code="c">papel</subfield><subfield code="c">0,28 X 0,21.</subfield></datafield><datafield tag="490" ind1="0" ind2=" "><subfield code="a">Manuscripta</subfield></datafield><datafield tag="500" ind1=" " ind2=" "><subfield code="a">Fragmentos de un libro ascético y del Alcorán</subfield></datafield><datafield tag="500" ind1=" " ind2=" "><subfield code="a">Signatura antigua: Junta 46</subfield></datafield><datafield tag="501" ind1=" " ind2=" "><subfield code="a">[Fragmento A]:</subfield></datafield><datafield tag="501" ind1=" " ind2=" "><subfield code="a">Relación de historias doctrinales / [sin aut.]. -- 30 ff. (Una col., 22 líneas por pág.) : papel, 29 x 21,5 cms. (caja: 21 x 14 cms.).</subfield></datafield><datafield tag="501" ind1=" " ind2=" "><subfield code="a">[cont. Fragmento A]:</subfield></datafield><datafield tag="501" ind1=" " ind2=" "><subfield code="a">Incipit: [...] بُرْ اَلْحَسَان كَا ذِيشُّ رَّابَالُ اللهْ اَءَادَمْ علم يَا ءَادَم [...] شُنْ لُشْكَا كُنْبَالَاغَنْءَالْبِيَان.</subfield></datafield><datafield tag="501" ind1=" " ind2=" "><subfield code="a">Explicit: ذَا شُمَنْدُ اِذَافَلَّاسَان اَلُشْ ذَاشُكُنْبَّنِّ ذِيشُّ اُاِاَبُوَاشْتُرُ اَلنَّبِي كَا ذِيشُ [...]</subfield></datafield><datafield tag="501" ind1=" " ind2=" "><subfield code="a">[cont. Fragmento A]:</subfield></datafield><datafield tag="501" ind1=" " ind2=" "><subfield code="a">Tinta negra. Excepcionalmente, roja para algunos títulos y para resaltar algunas palabras en primer cuaderno. -- Copista: Desconocido. -- Colofón, características especiales, il.: No. -- Ilustraciones: Cartuchos rectangulares decorados con motivos geométricos o vegetales, en negro y rojo o solo en negro, con motivo vegetal en el lateral externo. Palmeta realizada rápidamente en sustitución de lo que sería un cartucho (102v). -- Tipo de cuaderno: 1 binión, 2 cuaterniones y 1 sexterno. Excepto el sexterno, completo, el resto parece más bien restos de cuadernos. -- Deterioros: Esquina superior interna desaparecida por la humedad y el fuego. Manchas de humedad en esa zona y a partir del segundo cuaderno en prácticamente toda la hoja. -- H. en blanco: Tras el f. 93, hay dos fragmentos de folio que parece que estaban en blanco. -- H. dañadas, mutiladas, sueltas: La que probablemente estuviera foliada como 94, tan solo nos queda un fragmento del lateral interior. Del f. 82 al final, no solo ha perdido la esquina superior interna, sino también la parte inferior, por fuego, mayor cuanto más avanzamos en el códice, lo que impide la buena lectura de las últimas líneas del texto.</subfield></datafield><datafield tag="501" ind1=" " ind2=" "><subfield code="a">[cont. Fragmento A]:</subfield></datafield><datafield tag="501" ind1=" " ind2=" "><subfield code="a">H. faltan o añadidas: Probablemente falten dos sexternos entre el primer y segundo cuaderno que conservamos, así como los primeros 47 folios. A partir del f. 93, es imposible saber, por el estado de conservación del códice, los materiales que podrían faltar. -- Foliación: 48-55+82-93+[94]-[103]. De época, a tinta, con las cifras subrayadas por una línea simple (hasta f. 98), en el margen superior externo del vuelto de cada folio. -- Reclamos: Solo se conserva en 93v. En horizontal, en el margen inferior interno del vuelto del último folio del cuaderno. -- Sign. de cuaderno: No. -- Pautado: Probablemente con mistara o algún otro tipo de pautado sistemático en el verso de cada folio. -- Filigrana: Papel verjurado sin filigrana aparente. -- Anotaciones: No.</subfield></datafield><datafield tag="501" ind1=" " ind2=" "><subfield code="a">[Fragmento B]:</subfield></datafield><datafield tag="501" ind1=" " ind2=" "><subfield code="a">Azoras del Corán / [sin aut.]. -- 20 ff (14 + 2 + 2 + 2) Una col., 19 líneas por pág.: papel, 29 x 21,7 cms (caja: 22,3 x 15,3 cm).</subfield></datafield><datafield tag="501" ind1=" " ind2=" "><subfield code="a">[cont. Fragmento B]:</subfield></datafield><datafield tag="501" ind1=" " ind2=" "><subfield code="a">Incipit: كيف كان عاقبة الذين من قبلهم ولدار الاخرة خير للذين اتقوا افلا تعقلون.</subfield></datafield><datafield tag="501" ind1=" " ind2=" "><subfield code="a">Explicit:هذا عطاونا فامنن او امسك بغير حساب وان له عندنا لزلفى وحسن ماب واذكر عبدنا ايوب</subfield></datafield><datafield tag="501" ind1=" " ind2=" "><subfield code="a">[cont. Fragmento B]:</subfield></datafield><datafield tag="501" ind1=" " ind2=" "><subfield code="a">Tinta marrón oscura. En ¿159r? frase recuadrada por línea roja. -- Copista: Desconocido. -- Colofón: No. -- Características especiales: No tiene vocalización. -- Ilustración: Separación de aleyas (una, cinco y diez). Motivos circulares más o menos decorados en el margen para las divisiones de la lectura. -- Ilustraciones: No. -- Tipo de cuaderno: 1 septenión y 3 bifolios, restos de cuadernos anteriores. -- Deterioros: Manchas de humedad en margen inferior del primer cuaderno. En últimos bifolios, manchas de óxido en mitad inferior de la hoja. -- H. en blanco: No. -- H. dañadas, mutiladas, sueltas: La humedad ha roto el papel del último bifolio, afectando a las últimas cinco líneas de texto. -- H. faltan o añadidas: Los últimos bifolios son restos de cuadernos mayores. Folios intercalados con otros materiales que no parecen corresponder a esta copia. -- Foliación: [76]-89 + 139 + ¿159?. De época, a tinta, en margen superior externo del vuelto de cada folio. El primer folio y el penúltimo bifolio van sin numerar. No identifico los números del último bifolio. -- Reclamos: No se conservan. -- Sign. de cuaderno: No. -- Pautado: Prácticamente invisible; parece a punta seca en el margen externo del vuelto del folio. Gran regularidad. -- Filigrana: Racimo de uvas (1 cuad). -- Anotaciones: En el margen, sin ilustración, ربع. Anotaciones marginales para completar olvidos de texto.</subfield></datafield><datafield tag="501" ind1=" " ind2=" "><subfield code="a">[Fragmento C]:</subfield></datafield><datafield tag="501" ind1=" " ind2=" "><subfield code="a">Azoras del Corán / [sin aut.]. -- 40 ff. (Una col., 19 líneas por pág.) : Papel de baja calidad, 28 x 21,1 cms (caja: 20,5 x 15,1 cms).</subfield></datafield><datafield tag="501" ind1=" " ind2=" "><subfield code="a">[cont. Fragmento C]:</subfield></datafield><datafield tag="501" ind1=" " ind2=" "><subfield code="a">Incipit: إِنَّهُ يَبْدَأُ الْخَلْقَ ثُمَّ يُعِيدُهُ لِيَجْزِيَ الَّذِينَ آمَنُوا وَعَمِلُوا الصَّالِحَاتِ بِالْقِسْطِ وَالَّذِينَ كَفَرُوا لَهُمْ شَرَابٌ مِنْ حَمِيمٍ وَعَذَابٌ أَلِيمٌ بِمَا كَانُوا يَكْفُرُونَ</subfield></datafield><datafield tag="501" ind1=" " ind2=" "><subfield code="a">Explicit:وَمَا فِي الأَرْضِ جَمِيعاً مِنْهُ إِنَّ فِي ذَلِكَ لآيَاتٍ لِقَوْمٍ يَتَفَكَّرُونَ قُلْ لِلَّذِينَ آمَنُوا.وَسَخَّرَ لَكُمْ مَا فِي السَّمَوَاتِ</subfield></datafield><datafield tag="501" ind1=" " ind2=" "><subfield code="a">[cont. Fragmento C]:</subfield></datafield><datafield tag="501" ind1=" " ind2=" "><subfield code="a">Tinta marrón oscura para el ductus, roja y verde para la vocalización. Estos mismos colores se emplean para las ilustraciones relacionadas con el texto coránico. -- Copista: Desconocido. -- Colofón, características especiales: No. -- Ilustración: Separación de aleyas (una, cinco y diez). Motivos circulares más o menos decorados en el margen para las divisiones de la lectura. -- Ilustraciones: No. -- Tipo de cuaderno: Hoy se conservan 2 sexternos, 1 octonión completo y los restos de otro que se podría reconstruir por la foliación (lo que queda de lo que sería el cuaderno [1022-1036]. -- Deterioros: Papel muy deteriorado; faltan fragmentos importantes de papel en cada hoja. Restauración en el pliegue de baja calidad presenta galerías de insectos. Estas galerías también se encuentran principalmente en los márgenes inferiores que quedan. La humedad en la parte inferior de los folios ha hecho que se pierda buena parte del papel haciendo muy difícil la lectura del resto de la hoja, puesto que hay muchas roturas y pliegues. -- H. en blanco: No.</subfield></datafield><datafield tag="501" ind1=" " ind2=" "><subfield code="a">[cont. Fragmento C]:</subfield></datafield><datafield tag="501" ind1=" " ind2=" "><subfield code="a">H. dañadas, mutiladas, sueltas: Fragmento que queda de 1029-1030 prácticamente ilegible. 1023, 1024, 1035 y 1036 presentan también mucha pérdida de papel. Lo que correspondería a 1022 representa un cuarto del folio. -- H. faltan o añadidas: F. 1022 pegado. A juzgar por la foliación y por los contenidos, faltan muchas hojas. -- Foliación: Ff. 64-69 + 44-59 (algunos folios han perdido la numeración por deterioro del papel) + [1022]-1024+1029-1030+1035-1036 + 1040-1051. De época, a tinta, en margen superior externo del vuelto de cada folio. -- Reclamos: Se ven parcialmente en 1030: en horizontal, en el vuelto del último folio del cuaderno. -- Sign. de cuaderno: No. -- Pautado: No se aprecia, pero gran regularidad. -- Filigrana: Figura no identificada similar a una corona muy simple. -- Anotaciones: En el margen, sin ilustración, ربع. Anotaciones marginales para completar olvidos de texto.</subfield></datafield><datafield tag="510" ind1="3" ind2=" "><subfield code="a">Descripción: Julián Ribera y Miguel Asín, Manuscritos árabes y aljamiados de la Biblioteca de la Junta, Madrid, Junta para Ampliación de Estudios e Investigaciones Científicas, 1912, p. 176. [Fragmento A, B, C]</subfield></datafield><datafield tag="520" ind1=" " ind2=" "><subfield code="a">[Fragmento A]: 48r-53r. Capítulo en aber temor ada Allah tacala 53r-55v. Capítulo en lo que vino en el nombramiento de Allah [ápodo]. 82e-84v. [Dicho.] [Acéfalo.] 84v-89r. [Dicho de Abulqaçim]. 89r-93v. [Dicho de Abu Gacfar] 93v. [Dicho de Muhammad]. [Ápoda.] [94r]-97r. [Dicho acéfalo.] 97r-100r. [Dicho de Muhammad]. [Parece el mismo del que solo tenemos el comienzo en 93v.] 100r-102v. [Dicho.] 102v-[103v]. [Dicho de Muhammad.] [Ápodo.]</subfield></datafield><datafield tag="520" ind1=" " ind2=" "><subfield code="a">[Fragmento B, C]: Azoras del Corán en árabe.</subfield></datafield><datafield tag="530" ind1=" " ind2=" "><subfield code="a">María Pilar Martínez Olmo, Colección de manuscritos árabes y aljamiados de la Biblioteca del Instituto de Filología del CSIC [recurso electrónico]: los manuscritos de la Junta, Madrid, CSIC, 1998, 4 Cd-Rom. [Fragmento A, B, C]</subfield></datafield><datafield tag="541" ind1=" " ind2=" "><subfield code="a">Procedencia: Almonacid de la Sierra.</subfield><subfield code="b">Ingreso: Junio de 1910. [Fragmento A, B, C]</subfield></datafield><datafield tag="546" ind1=" " ind2=" "><subfield code="a">Aljamía</subfield><subfield code="b">Magrebí [Fragmento A]</subfield></datafield><datafield tag="546" ind1=" " ind2=" "><subfield code="a">Árabe</subfield><subfield code="b">con escritura magrebí y letras semicúficas huecas para los títulos de las azoras. [Fragmento B, C]</subfield></datafield><datafield tag="563" ind1=" " ind2=" "><subfield code="a">Inexistente. Quedan restos de hilo de encuadernación. [Fragmento A]</subfield></datafield><datafield tag="563" ind1=" " ind2=" "><subfield code="a">Inexistente. [Fragmento B, C]</subfield></datafield><datafield tag="630" ind1="0" ind2="7"><subfield code="a">Corán.</subfield><subfield code="2">CSICAU</subfield></datafield><datafield tag="650" ind1=" " ind2="7"><subfield code="a">Manuscritos árabes.</subfield><subfield code="2">CSICAU</subfield></datafield><datafield tag="650" ind1=" " ind2="7"><subfield code="a">Manuscritos aljamiados.</subfield><subfield code="2">CSICAU</subfield></datafield><datafield tag="650" ind1=" " ind2="7"><subfield code="a">Islam.</subfield><subfield code="2">CSICAU</subfield></datafield><datafield tag="730" ind1="0" ind2=" "><subfield code="a">Azoras del Corán.</subfield></datafield><datafield tag="740" ind1="0" ind2=" "><subfield code="a">Relación de historias doctrinales.</subfield></datafield><datafield tag="740" ind1="0" ind2=" "><subfield code="a">Azoras del Corán.</subfield></datafield><datafield tag="830" ind1=" " ind2="0"><subfield code="a">Manuscripta</subfield></datafield><datafield tag="856" ind1="4" ind2="1"><subfield code="u">http://aleph.csic.es/imagenes/mad01/0006_PMSC/P_001227677_651229_V00.pdf</subfield><subfield code="z">Descargar Pdf completo (28M)</subfield><subfield code="m">CSIC</subfield></datafield><datafield tag="856" ind1="4" ind2="1"><subfield code="u">http://simurg.bibliotecas.csic.es/viewer/image/CSIC001227677/1/</subfield><subfield code="z">Ver texto completo en SIMURG, el portal de fondos digitalizados del CSIC</subfield><subfield code="m">CSIC</subfield></datafield><datafield tag="856" ind1="4" ind2="1"><subfield code="u">http://aleph.csic.es/imagenes/mad01/0006_PMSC/html/001227677.html</subfield><subfield code="z">Ver texto completo en Bookreader</subfield></datafield></record></metadata></record>